% ALLE VORLAGEN WURDE AUS DEM IEEE-EXAMPLE SHEET ENTNOMMEN

      
@manual{ad9956,
  title         = "400 MSPS Direct Digital Synthesizer with 14-Bit DAC",
  organization  = "Analog Devices",
  address       = "Norwood, USA",
  note			= "Rev. D"
}

@article{an953,
  title         = "AN-953 Direct Digital Synthesis (DDS) with a Programmable Modulus",
  author        = "{Ken Gentile}",
  organization  = "Analog Devices",
  address       = "Norwood, USA",
  note			= "Rev. A"
}

@ONLINE{grbl,
  author		= {Simen Svale Skogsrud, Sungeun K. Jeon},
  title			= {GRBL},
  month			= jan,
  year			= {2016},
  url			= {https://github.com/grbl/grbl}
}

@ONLINE{r_g_wiki,
  author		= {R\&G Faserverbundwerkstoffe GmbH},
  title			= {R\&G Wiki},
  month			= jan,
  year			= {2016},
  url			= {http://www.r-g.de/wiki/Was_sind_Faserverbundwerkstoffe%3F}
}
@manual{r_g_handbuch,
  organization	= {R\&G Faserverbundwerkstoffe GmbH},
  address       = "D-71111 Waldenbuch",
  title			= {R\&G Handbuch Faserverbundwerkstoffe},
  month			= jun,
  year			= {2009},
  url			= {http://www.r-g.de/w/images/6/69/R%26G_Handbuch.pdf}
}